<?xml version="1.0" encoding="UTF-8"?><collection xmlns="http://www.loc.gov/MARC21/slim"><record><leader>00577nam--2200205-u-4500</leader><controlfield tag="001">000054107</controlfield><controlfield tag="002">20161230</controlfield><controlfield tag="005">20161230201051</controlfield><controlfield tag="008">110803s1000------------r-----000-0-eng-d</controlfield><datafield ind1=" " ind2=" " tag="020"><subfield code="a">0824799534</subfield></datafield><datafield ind1=" " ind2=" " tag="040"><subfield code="a">IFIN-HH</subfield></datafield><datafield ind1=" " ind2=" " tag="080"><subfield code="a">621.38.04</subfield></datafield><datafield ind1="1" ind2=" " tag="100"><subfield code="a">Sheats, James R</subfield></datafield><datafield ind1="1" ind2="0" tag="245"><subfield code="a">Microlithography</subfield><subfield code="b">Science and technology</subfield><subfield code="c">James r. sheats, bruce w. smith (eds.)</subfield></datafield><datafield ind1=" " ind2=" " tag="260"><subfield code="a">New York</subfield><subfield code="b">Marcel Dekker, Inc</subfield><subfield code="c">1998</subfield></datafield><datafield ind1=" " ind2=" " tag="300"><subfield code="a">780P</subfield></datafield><datafield ind1=" " ind2="4" tag="650"><subfield code="a">Metal Oxide Semiconductors</subfield></datafield><datafield ind1="1" ind2=" " tag="700"><subfield code="a">Smith, Bruce W</subfield><subfield code="e">Ed</subfield></datafield><datafield ind1=" " ind2=" " tag="852"><subfield code="a">81168</subfield><subfield code="c">537.311.33</subfield></datafield><datafield ind1=" " ind2=" " tag="CAT"><subfield code="a">Sys</subfield><subfield code="c">20110803</subfield><subfield code="h">084622</subfield></datafield></record></collection>